<?xml version="1.0" encoding="UTF-8"?><collection xmlns="http://www.loc.gov/MARC21/slim"><record><leader>00331nam--2200121-i-4500</leader><controlfield tag="001">000023054</controlfield><controlfield tag="002">20161230</controlfield><controlfield tag="005">20161230201034</controlfield><controlfield tag="008">060222s1000------------r-----000-0-eng-d</controlfield><datafield ind1=" " ind2=" " tag="100"><subfield code="a">Manual On Radiation Dosimetry</subfield></datafield><datafield ind1=" " ind2=" " tag="245"><subfield code="a">New york, marcel dekker, inc., 1970, xvi + 450p</subfield></datafield><datafield ind1=" " ind2=" " tag="700"><subfield code="a">Holm, Niels, W. And Roger J.Berry</subfield></datafield><datafield ind1=" " ind2=" " tag="852"><subfield code="a">34786</subfield></datafield></record></collection>